<?xml version="1.0" encoding="UTF-8"?><collection xmlns="http://www.loc.gov/MARC21/slim"><record><leader>00530nam--2200181-i-4500</leader><controlfield tag="001">000013129</controlfield><controlfield tag="002">20161230</controlfield><controlfield tag="005">20161230201030</controlfield><controlfield tag="008">060222s1000------------r-----000-0-eng-d</controlfield><datafield ind1=" " ind2=" " tag="020"><subfield code="a">2257150147</subfield></datafield><datafield ind1=" " ind2=" " tag="040"><subfield code="a">IFIN-HH</subfield></datafield><datafield ind1=" " ind2=" " tag="080"><subfield code="a">538.913(061.3)</subfield></datafield><datafield ind1="1" ind2=" " tag="100"><subfield code="a">Balkanski, M</subfield></datafield><datafield ind1="1" ind2="0" tag="245"><subfield code="a">Proceedings of the international conference on lattice dynamics (paris, september 5-9, 1977)</subfield><subfield code="c">M. balkanski (ed.)</subfield></datafield><datafield ind1=" " ind2=" " tag="260"><subfield code="a">Paris</subfield><subfield code="b">Flammarion Sciences</subfield><subfield code="c">1978</subfield></datafield><datafield ind1=" " ind2=" " tag="300"><subfield code="a">XIV+794P</subfield></datafield><datafield ind1=" " ind2=" " tag="852"><subfield code="a">47256</subfield><subfield code="c">539.2</subfield></datafield><datafield ind1=" " ind2=" " tag="CAT"><subfield code="a">Sys</subfield><subfield code="c">20121030</subfield><subfield code="h">174533</subfield></datafield></record></collection>